@misc{pentwiki,
   author = "",
   title = "Pentago Wiki",
   year = "",
   url = "https://en.wikipedia.org/wiki/Pentago"
}

@misc{pentperf,
   author = "",
   title = "Perfect Pentago",
   year = "",
   url = "https://perfect-pentago.net/"
}

@misc{zobhash,
   author = "",
   title = "Zobrist Hashing",
   year = "",
   url = "https://chessprogramming.wikispaces.com/Zobrist+Hashing"
}

@misc{pentpaper,
   author = "Geoffrey Irving",
   title = "Perfect Pentago Github",
   year = "4 Apr 2014?",
   url = "http://arxiv.org/pdf/1404.0743.pdf"
}

@misc{pentstrat,
	author = "MindtwisterUSA",
	title = "Pentago - Basic Play, Rules and Strategy Guide",
	year = "", 
	url = "https://webdav.info.ucl.ac.be/webdav/ingi2261/ProblemSet3/PentagoRulesStrategy.pdf"
}